@ebook
{NathanJMuller:2002,
 Author = {Nathan J. Muller},
 Year = {2002},
 title = {Wireless A to Z},
 howpublished = {e-book},
 placeofpublication = {Blacklick, OH, USA},
 publisher = {McGraw-Hill Professional Publishing},
 URL = {http://site.ebrary.com/lib/staffordshire/Doc?id=10045472&ppg=36},
 accessed = {[accessed 10. October 2007]}
}

@ebook
{FabrizioFioravanti:2005,
 Author = {Fabrizio Fioravanti},
 Year = {2005},
 title = {Skills for Managing Rapidly Changing IT Projects},
 howpublished = {e-book},
 placeofpublication = {Hershey, PA, USA},
 publisher = {IRM Press},
 URL = {http://site.ebrary.com/lib/staffordshire/Doc?id=10089243&ppg=88},
 accessed = {[accessed 12. October 2007]}
}

@ebook
{GraemeMcRae:CircleIntersection,
 Author = {Graeme McRae},
 Year = 2007,
 title = {The Intersection of Two Circles},
 howpublished = {Online},
 URL = {http://mcraefamily.com/MathHelp/GeometryConicSectionCircleIntersection.htm},
 accessed = {[accessed 11. October 2007]}
}

@ebook
{MartinKowalski:CircleIntersection,
 Author = {Martin Kowalski},
 Year = 2008,
 title = {Schnittpunkte zweier Kreise},
 howpublished = {Online},
 URL = {http://kowalski.s4f.eu/addt/2kreise.html},
 accessed = {[accessed 1. March 2008]}
}

@ebook
{HentzenWhil:2002,
 Author = {Whil Hentzen},
 Year = {2002},
 title = {Software Developer's Guide (3rd Edition)},
 howpublished = {e-book},
 placeofpublication = {Milwaukee, WI, USA},
 publisher = {Hentzenwerke Publishing, Inc.},
 URL = {http://site.ebrary.com/lib/staffordshire/Doc?id=10110767&ppg=56},
 accessed = {[accessed 28. October 2007]}
}

@ebook
{Various:ZigBee,
 Author = {Zigbee Alliance},
 Year = {2007},
 title = {ZigBee Specification},
 howpublished = {Online},
 URL = {http://www.zigbee.org/en/spec_download/download_request.asp},
 accessed = {[accessed 31. October 2007]}
}

@ebook
{wikipedia:ExtremeProgramming,
 Author = {Wikipedia},
 Year = {2007},
 title = {Extreme Programming},
 howpublished = {Online},
 URL = {http://en.wikipedia.org/w/index.php?title=Extreme_Programming&oldid=168038463},
 accessed = {[accessed 31. October 2007]}
}

@ebook
{wikipedia:ZigBee,
 Author = {Wikipedia},
 Year = {2007},
 title = {ZigBee},
 howpublished = {Online},
 URL = {http://en.wikipedia.org/w/index.php?title=ZigBee&oldid=167861528},
 accessed = {[accessed 31. October 2007]}
}

@ebook
{freedesktop.org:DBus,
 Author = {freedesktop.org},
 Year = {2008},
 title = {Introduction to D-Bus},
 howpublished = {Online},
 URL = {http://www.freedesktop.org/wiki/IntroductionToDBus},
 accessed = {[accessed 25. January 2008]}
}

@ebook
{freedesktop.org:DBusSpecification,
 Author = {freedesktop.org},
 Year = {2008},
 title = {D-Bus Specification},
 howpublished = {Online},
 URL = {http://dbus.freedesktop.org/doc/dbus-specification.html},
 accessed = {[accessed 25. January 2008]}
}

@ebook
{doc.trolltech.com:DBus,
 Author = {Trolltech},
 Year = {2007},
 title = {Introduction to D-Bus},
 howpublished = {Online},
 URL = {http://doc.trolltech.com/4.3/intro-to-dbus.html},
 accessed = {[accessed 25. January 2008]}
}

@ebook
{KentBeck:ExtremeProgramming,
 Author = {Kent Beck},
 Year = {2007},
 title = {Extreme Programming},
 howpublished = {Online},
 URL = {http://ootips.org/xp.html},
 accessed = {[accessed 31. October 2007]}
}

@ebook
{AlexanderNeundorf:KDEtoCMake,
 Author = {Alexander Neundorf},
 Year = {2006},
 title = {Why the KDE project switched to CMake},
 howpublished = {Online},
 URL = {http://lwn.net/Articles/188693/},
 accessed = {[accessed 17. November 2007]}
}

@ebook
{RichardHightower:2004,
 Author = {Richard Hightower},
 Year = {2004},
 title = {Professional Java Tools for Extreme Programming : Ant, XDoclet, Junit, Cactus, and Maven},
 howpublished = {e-book},
 placeofpublication = {Hoboken, NJ, USA},
 publisher = {John Wiley \& Sons, Incorporated},
 URL = {http://site.ebrary.com/lib/staffordshire/Doc?id=10114229&ppg=43},
 accessed = {[accessed 31. October 2007]}
}

@ebook
{HRHansen:1998,
 Author = {H. R. Hansen},
 Year = {1998},
 title = {Wirtschaftsinformatik 1},
 placeofpublication = {Stuttgart},
 publisher = {Lucius \& Lucius}
}

@ebook
{KentBeck:2005,
 Author = {Kent Beck},
 Year = {2005},
 title = {Extreme Programming Explained},
 placeofpublication = {USA},
 publisher = {Addison-Wesley},
 edition = {$2^{nd}$}
}

